[gd_scene load_steps=5 format=2]

[ext_resource path="res://Themes/theme.tres" type="Theme" id=1]
[ext_resource path="res://Scripts/Menus/VersionList.cs" type="Script" id=2]
[ext_resource path="res://Scenes/VersionCard.tscn" type="PackedScene" id=3]
[ext_resource path="res://Themes/theme_popup.tres" type="Theme" id=4]

[node name="VersionList" type="PanelContainer"]
anchor_right = 1.0
anchor_bottom = 1.0
margin_left = -1.0
margin_right = -1.0
theme = ExtResource( 1 )
script = ExtResource( 2 )
rootNode = NodePath("VBoxContainer2/PanelContainer/VBoxContainer")
versionLabelNode = NodePath("VBoxContainer2/HBoxContainer/Version")
versionListToggleNode = NodePath("VBoxContainer2/HBoxContainer/Toggle")
versionTypeContainerNode = NodePath("VBoxContainer2/HBoxContainer/TypeContainer")
versionTypeLabelNode = NodePath("VBoxContainer2/HBoxContainer/TypeContainer/Type")
releaseItem = ExtResource( 3 )

[node name="VBoxContainer2" type="VBoxContainer" parent="."]
margin_left = 7.0
margin_top = 7.0
margin_right = 1017.0
margin_bottom = 593.0

[node name="HBoxContainer" type="HBoxContainer" parent="VBoxContainer2"]
margin_right = 1010.0
margin_bottom = 40.0
custom_constants/separation = 17

[node name="Toggle" type="CheckButton" parent="VBoxContainer2/HBoxContainer"]
margin_right = 76.0
margin_bottom = 40.0

[node name="Version" type="Label" parent="VBoxContainer2/HBoxContainer"]
margin_left = 93.0
margin_top = 4.0
margin_right = 154.0
margin_bottom = 35.0
text = "v3.0.1"

[node name="TypeContainer" type="PanelContainer" parent="VBoxContainer2/HBoxContainer"]
margin_left = 171.0
margin_right = 210.0
margin_bottom = 40.0
theme = ExtResource( 4 )

[node name="Type" type="Label" parent="VBoxContainer2/HBoxContainer/TypeContainer"]
margin_left = 2.0
margin_top = 9.0
margin_right = 37.0
margin_bottom = 30.0
custom_colors/font_color = Color( 0, 0, 0, 1 )
text = "Beta"

[node name="PanelContainer" type="PanelContainer" parent="VBoxContainer2"]
margin_top = 44.0
margin_right = 1010.0
margin_bottom = 58.0

[node name="VBoxContainer" type="VBoxContainer" parent="VBoxContainer2/PanelContainer"]
margin_left = 7.0
margin_top = 7.0
margin_right = 1003.0
margin_bottom = 7.0
theme = ExtResource( 1 )
